%% This BibTeX bibliography file was created using BibDesk.
%% http://bibdesk.sourceforge.net/

%% Created for jlconlin at 2017-12-14 13:40:36 -0700 


%% Saved with string encoding Unicode (UTF-8) 



@techreport{Trkov:2011ENDF--0,
	Author = {A. Trkov and M. Herman and D. A. Brown},
	Date-Added = {2017-12-14 20:40:21 +0000},
	Date-Modified = {2017-12-14 20:40:21 +0000},
	Institution = {National Nuclear Data Center, Brookhaven National Laboratory},
	Month = {December},
	Number = {BNL-90365-2009 Rev.2},
	Title = {{ENDF-6} Formats Manual: Data Formats and Procedures for the Evaluated Nuclear Data Files},
	Year = {2011},
	Bdsk-File-1 = {YnBsaXN0MDDUAQIDBAUGJCVYJHZlcnNpb25YJG9iamVjdHNZJGFyY2hpdmVyVCR0b3ASAAGGoKgHCBMUFRYaIVUkbnVsbNMJCgsMDxJXTlMua2V5c1pOUy5vYmplY3RzViRjbGFzc6INDoACgAOiEBGABIAFgAdccmVsYXRpdmVQYXRoWWFsaWFzRGF0YV8QLC4uLy4uLy4uL1BhcGVycy9Ucmtvdi9UcmtvdjIwMTFFTkRGLS0wLTAucGRm0hcLGBlXTlMuZGF0YU8RAbYAAAAAAbYAAgAACFJhZGFnYXN0AAAAAAAAAAAAAAAAAAAAAAAAANWPIChIKwAAAEjAiRZUcmtvdjIwMTFFTkRGLS0wLTAucGRmAAAAAAAAAAAAAAAAAAAAAAAAAAAAAAAAAAAAAAAAAAAAAAAAAAAAAAAASMCLzIXNBQAAAAAAAAAAAAMAAwAACSAAAAAAAAAAAAAAAAAAAAAFVHJrb3YAABAACAAA1Y90iAAAABEACAAAzIYhZQAAAAEAFABIwIkASD72ABZtvgAWbbwABmm4AAIASlJhZGFnYXN0OlVzZXJzOgBqbGNvbmxpbjoARG9jdW1lbnRzOgBQYXBlcnM6AFRya292OgBUcmtvdjIwMTFFTkRGLS0wLTAucGRmAA4ALgAWAFQAcgBrAG8AdgAyADAAMQAxAEUATgBEAEYALQAtADAALQAwAC4AcABkAGYADwASAAgAUgBhAGQAYQBnAGEAcwB0ABIAPFVzZXJzL2psY29ubGluL0RvY3VtZW50cy9QYXBlcnMvVHJrb3YvVHJrb3YyMDExRU5ERi0tMC0wLnBkZgATAAEvAAAVAAIAD///AACABtIbHB0eWiRjbGFzc25hbWVYJGNsYXNzZXNdTlNNdXRhYmxlRGF0YaMdHyBWTlNEYXRhWE5TT2JqZWN00hscIiNcTlNEaWN0aW9uYXJ5oiIgXxAPTlNLZXllZEFyY2hpdmVy0SYnVHJvb3SAAQAIABEAGgAjAC0AMgA3AEAARgBNAFUAYABnAGoAbABuAHEAcwB1AHcAhACOAL0AwgDKAoQChgKLApYCnwKtArECuALBAsYC0wLWAugC6wLwAAAAAAAAAgEAAAAAAAAAKAAAAAAAAAAAAAAAAAAAAvI=}}
