%% This BibTeX bibliography file was created using BibDesk.
%% http://bibdesk.sourceforge.net/

%% Created for Jeremy Lloyd Conlin at 2018-07-11 14:04:04 -0600 


%% Saved with string encoding Unicode (UTF-8) 



@inproceedings{Conlin:2012Updat-0,
	Address = {San Diego, California},
	Author = {Jeremy Lloyd Conlin and Forrest B. Brown and A. C. Kahler and M. Beth Lee and D. Kent Parsons and Morgan C. White},
	Booktitle = {Transactions of the American Nuclear Socity},
	Date-Added = {2018-07-11 20:04:02 +0000},
	Date-Modified = {2018-07-11 20:04:02 +0000},
	Editor = {Julie Rule},
	Month = {November 11--15},
	Number = {LA-UR-12-22033},
	Pages = {631--633},
	Publisher = {American Nuclear Society},
	Read = {1},
	Title = {Updating the Format of ACE Data Tables},
	Volume = {107},
	Year = {2012},
	Bdsk-File-1 = {YnBsaXN0MDDUAQIDBAUGJCVYJHZlcnNpb25YJG9iamVjdHNZJGFyY2hpdmVyVCR0b3ASAAGGoKgHCBMUFRYaIVUkbnVsbNMJCgsMDxJXTlMua2V5c1pOUy5vYmplY3RzViRjbGFzc6INDoACgAOiEBGABIAFgAdccmVsYXRpdmVQYXRoWWFsaWFzRGF0YV8QLi4uLy4uLy4uL1BhcGVycy9Db25saW4vQ29ubGluMjAxMlVwZGF0LTAtMC5wZGbSFwsYGVdOUy5kYXRhTxEBfgAAAAABfgACAAAHR2FuZGFsZgAAAAAAAAAAAAAAAAAAAAAAAAAAAAAAAEJEAAH/////F0NvbmxpbjIwMTJVcGRhdC0wLTAucGRmAAAAAAAAAAAAAAAAAAAAAAAAAAAAAAAAAAAAAAAAAAAAAAAAAAAAAP////8AAAAAAAAAAAAAAAAAAwADAAAKIGN1AAAAAAAAAAAAAAAAAAZDb25saW4AAgBALzpVc2VyczpqbGNvbmxpbjpEb2N1bWVudHM6UGFwZXJzOkNvbmxpbjpDb25saW4yMDEyVXBkYXQtMC0wLnBkZgAOADAAFwBDAG8AbgBsAGkAbgAyADAAMQAyAFUAcABkAGEAdAAtADAALQAwAC4AcABkAGYADwAQAAcARwBhAG4AZABhAGwAZgASAD5Vc2Vycy9qbGNvbmxpbi9Eb2N1bWVudHMvUGFwZXJzL0Nvbmxpbi9Db25saW4yMDEyVXBkYXQtMC0wLnBkZgATAAEvAAAVAAIAD///AACABtIbHB0eWiRjbGFzc25hbWVYJGNsYXNzZXNdTlNNdXRhYmxlRGF0YaMdHyBWTlNEYXRhWE5TT2JqZWN00hscIiNcTlNEaWN0aW9uYXJ5oiIgXxAPTlNLZXllZEFyY2hpdmVy0SYnVHJvb3SAAQAIABEAGgAjAC0AMgA3AEAARgBNAFUAYABnAGoAbABuAHEAcwB1AHcAhACOAL8AxADMAk4CUAJVAmACaQJ3AnsCggKLApACnQKgArICtQK6AAAAAAAAAgEAAAAAAAAAKAAAAAAAAAAAAAAAAAAAArw=}}

@techreport{Trkov:2011ENDF--0,
	Author = {A. Trkov and M. Herman and D. A. Brown},
	Date-Added = {2017-12-14 20:40:21 +0000},
	Date-Modified = {2017-12-14 20:40:21 +0000},
	Institution = {National Nuclear Data Center, Brookhaven National Laboratory},
	Month = {December},
	Number = {BNL-90365-2009 Rev.2},
	Title = {{ENDF-6} Formats Manual: Data Formats and Procedures for the Evaluated Nuclear Data Files},
	Year = {2011},
	Bdsk-File-1 = {YnBsaXN0MDDUAQIDBAUGJCVYJHZlcnNpb25YJG9iamVjdHNZJGFyY2hpdmVyVCR0b3ASAAGGoKgHCBMUFRYaIVUkbnVsbNMJCgsMDxJXTlMua2V5c1pOUy5vYmplY3RzViRjbGFzc6INDoACgAOiEBGABIAFgAdccmVsYXRpdmVQYXRoWWFsaWFzRGF0YV8QLC4uLy4uLy4uL1BhcGVycy9Ucmtvdi9UcmtvdjIwMTFFTkRGLS0wLTAucGRm0hcLGBlXTlMuZGF0YU8RAXgAAAAAAXgAAgAAB0dhbmRhbGYAAAAAAAAAAAAAAAAAAAAAAAAAAAAAAABCRAAB/////xZUcmtvdjIwMTFFTkRGLS0wLTAucGRmAAAAAAAAAAAAAAAAAAAAAAAAAAAAAAAAAAAAAAAAAAAAAAAAAAAAAAD/////AAAAAAAAAAAAAAAAAAMAAwAACiBjdQAAAAAAAAAAAAAAAAAFVHJrb3YAAAIAPi86VXNlcnM6amxjb25saW46RG9jdW1lbnRzOlBhcGVyczpUcmtvdjpUcmtvdjIwMTFFTkRGLS0wLTAucGRmAA4ALgAWAFQAcgBrAG8AdgAyADAAMQAxAEUATgBEAEYALQAtADAALQAwAC4AcABkAGYADwAQAAcARwBhAG4AZABhAGwAZgASADxVc2Vycy9qbGNvbmxpbi9Eb2N1bWVudHMvUGFwZXJzL1Rya292L1Rya292MjAxMUVOREYtLTAtMC5wZGYAEwABLwAAFQACAA///wAAgAbSGxwdHlokY2xhc3NuYW1lWCRjbGFzc2VzXU5TTXV0YWJsZURhdGGjHR8gVk5TRGF0YVhOU09iamVjdNIbHCIjXE5TRGljdGlvbmFyeaIiIF8QD05TS2V5ZWRBcmNoaXZlctEmJ1Ryb290gAEACAARABoAIwAtADIANwBAAEYATQBVAGAAZwBqAGwAbgBxAHMAdQB3AIQAjgC9AMIAygJGAkgCTQJYAmECbwJzAnoCgwKIApUCmAKqAq0CsgAAAAAAAAIBAAAAAAAAACgAAAAAAAAAAAAAAAAAAAK0}}
